<?xml version="1.0" encoding="UTF-8"?><collection xmlns="http://www.loc.gov/MARC21/slim"><record><leader>00378nam--2200145-i-4500</leader><controlfield tag="001">000012655</controlfield><controlfield tag="002">20161230</controlfield><controlfield tag="005">20161230201029</controlfield><controlfield tag="008">060222s1000------------r-----000-0-eng-d</controlfield><datafield ind1=" " ind2=" " tag="100"><subfield code="a">Craiu, I., Mihoc, Gh.Si Craiu, V</subfield></datafield><datafield ind1=" " ind2=" " tag="245"><subfield code="a">Matematici pentru economisti</subfield></datafield><datafield ind1=" " ind2=" " tag="260"><subfield code="a">Bucuresti, Editura Tehnica, 1971</subfield></datafield><datafield ind1=" " ind2=" " tag="300"><subfield code="a">470P</subfield></datafield><datafield ind1=" " ind2=" " tag="852"><subfield code="a">46005</subfield><subfield code="c">517</subfield></datafield><datafield ind1=" " ind2=" " tag="CAT"><subfield code="a">Sys</subfield><subfield code="c">20080707</subfield><subfield code="h">082932</subfield></datafield></record></collection>